@inproceedings{lr,
  title={Cyclical learning rates for training neural networks},
  author={Smith, Leslie N},
  booktitle={2017 IEEE winter conference on applications of computer vision (WACV)},
  pages={464--472},
  year={2017},
  organization={IEEE}
}

